%% LaTeX2e file `main-bibtex-entries.bib'
%% generated by the `bibtex-entries' environment
%% from source `main' on 2023/11/20.
%%
@TechReport{Kernighan1974,
 author = {Brian Kernighan},
 title = {Programming in C â€“ A Tutorial},
 institution = {Bell Laboratories},
 year = {1974}
}
