@online{Asai2023,
  title = {Self-{{RAG}}: {{Learning}} to {{Retrieve}}, {{Generate}}, and {{Critique}} through {{Self-Reflection}}},
  shorttitle = {Self-{{RAG}}},
  author = {Asai, Akari and Wu, Zeqiu and Wang, Yizhong and Sil, Avirup and Hajishirzi, Hannaneh},
  date = {2023-10-17},
  eprint = {2310.11511},
  eprinttype = {arxiv},
  eprintclass = {cs},
  urldate = {2024-02-29},
  pubstate = {preprint}
}

@inproceedings{Asselborn2023,
  title = {Fine-Tuning {{BERT}} Models on Demand for Information Systems Explained Using Training Data from Pre-Modern Arabic},
  booktitle = {Proceedings of the Workshop on Humanities-Centred Artificial Intelligence ({{CHAI}} 2023)},
  author = {Asselborn, Thomas and Melzer, Sylvia and Aljoumani, Said and Bender, Magnus and Marwitz, Florian Andreas and Hirschler, Konrad and Möller, Ralf},
  date = {2023-09},
  pages = {38--51},
  publisher = {CEUR Workshop Proceedings}
}

@inproceedings{Bender2023,
  title = {{{FrESH}} – Feedback-Reliant Enhancement of Subjective Content Descriptions by Humans},
  booktitle = {Proceedings of the Workshop on Humanities-Centred Artificial Intelligence ({{CHAI}} 2023)},
  author = {Bender, Magnus and Schwandt, Kira and Möller, Ralf and Gehrke, Marcel},
  date = {2023-09},
  pages = {15--24},
  publisher = {CEUR Workshop Proceedings}
}

@inproceedings{Bender2023a,
  title = {Unsupervised Estimation of Subjective Content Descriptions},
  booktitle = {17th {{IEEE}} International Conference on Semantic Computing, ({{ICSC}} 2023), February 1-3},
  author = {Bender, Magnus and Braun, Tanya and Möller, Ralf and Gehrke, Marcel},
  date = {2023},
  publisher = {IEEE},
  doi = {10.1109/icsc56153.2023.00052}
}

@inproceedings{Bender2023b,
  title = {{{LESS}} Is More: {{LEan}} Computing for Selective Summaries},
  booktitle = {{{KI}} 2023: {{Advances}} in Artificial Intelligence},
  author = {Bender, Magnus and Braun, Tanya and Möller, Ralf and Gehrke, Marcel},
  date = {2023},
  series = {International {{Journal}} of {{Semantic Computing}}},
  pages = {1--14},
  publisher = {Springer Nature Switzerland},
  doi = {10.1007/978-3-031-42608-7_1}
}

@book{Brita2023,
  title = {Manuscripts and {{Performances}} in {{Religions}}, {{Arts}}, and {{Sciences}}},
  editor = {Brita, Antonella and Karolewski, Janina and Husson, Matthieu and Miolo, Laure and Wimmer, Hanna},
  date = {2023-11-20},
  publisher = {De Gruyter},
  doi = {10.1515/9783111343556},
  urldate = {2024-02-29},
  isbn = {978-3-11-134355-6},
  langid = {english}
}

@inproceedings{Devlin2019,
  title = {{{BERT}}: {{Pre-training}} of Deep Bidirectional Transformers for Language Understanding},
  booktitle = {Proceedings of {{NAACL-HLT}}},
  author = {Devlin, Jacob and Chang, Ming-Wei and Lee, Kenton and Toutanova, Kristina},
  date = {2019}
}

@online{Gao2023,
  title = {Retrieval-Augmented Generation for Large Language Models: {{A}} Survey},
  author = {Gao, Yunfan and Xiong, Yun and Gao, Xinyu and Jia, Kangxiang and Pan, Jinliu and Bi, Yuxi and Dai, Yi and Sun, Jiawei and Guo, Qianyu and Wang, Meng and Wang, Haofen},
  year = {2023-12-18, 2023},
  eprint = {2312.10997},
  eprinttype = {arxiv},
  eprintclass = {cs.CL},
  doi = {10.48550/ARXIV.2312.10997},
  copyright = {arXiv.org perpetual, non-exclusive license},
  pubstate = {preprint}
}

@dataset{Hirschler2023,
  title = {Audition {{Certificates Platform}}},
  author = {Hirschler, Konrad and Aljoumani, Said},
  date = {2023-10-26},
  doi = {10.25592/uhhfdm.13525},
  urldate = {2024-02-29},
  langid = {english}
}

@online{Jiang2023,
  title = {Active {{Retrieval Augmented Generation}}},
  author = {Jiang, Zhengbao and Xu, Frank F. and Gao, Luyu and Sun, Zhiqing and Liu, Qian and Dwivedi-Yu, Jane and Yang, Yiming and Callan, Jamie and Neubig, Graham},
  date = {2023-10-21},
  eprint = {2305.06983},
  eprinttype = {arxiv},
  eprintclass = {cs},
  urldate = {2024-02-29},
  pubstate = {preprint}
}

@inproceedings{Kuhr2019,
  title = {To Extend or Not to Extend? {{Context-specific}} Corpus Enrichment},
  booktitle = {Proceedings of {{AI}} 2019: {{Advances}} in Artificial Intelligence},
  author = {Kuhr, Felix and Braun, Tanya and Bender, Magnus and Möller, Ralf},
  date = {2019},
  series = {Lecture Notes in Computer Science},
  volume = {11919},
  pages = {357--368},
  publisher = {Springer},
  doi = {10.1007/978-3-030-35288-2_29},
  isbn = {978-3-030-35288-2}
}

@inproceedings{Lewis2020,
  title = {Retrieval-Augmented Generation for Knowledge-Intensive {{NLP}} Tasks},
  booktitle = {Advances in Neural Information Processing Systems},
  author = {Lewis, Patrick and Perez, Ethan and Piktus, Aleksandra and Petroni, Fabio and Karpukhin, Vladimir and Goyal, Naman and Küttler, Heinrich and Lewis, Mike and Yih, Wen-tau and Rocktäschel, Tim and Riedel, Sebastian and Kiela, Douwe},
  editor = {Larochelle, H. and Ranzato, M. and Hadsell, R. and Balcan, M.F. and Lin, H.},
  date = {2020},
  volume = {33},
  pages = {9459--9474},
  publisher = {Curran Associates, Inc.}
}

@online{Lin2023,
  title = {{{RA-DIT}}: {{Retrieval-Augmented Dual Instruction Tuning}}},
  shorttitle = {{{RA-DIT}}},
  author = {Lin, Xi Victoria and Chen, Xilun and Chen, Mingda and Shi, Weijia and Lomeli, Maria and James, Rich and Rodriguez, Pedro and Kahn, Jacob and Szilvasy, Gergely and Lewis, Mike and Zettlemoyer, Luke and Yih, Scott},
  date = {2023-11-05},
  eprint = {2310.01352},
  eprinttype = {arxiv},
  eprintclass = {cs},
  urldate = {2024-02-29},
  pubstate = {preprint}
}

@online{Liu2023,
  title = {Lost in the {{Middle}}: {{How Language Models Use Long Contexts}}},
  shorttitle = {Lost in the {{Middle}}},
  author = {Liu, Nelson F. and Lin, Kevin and Hewitt, John and Paranjape, Ashwin and Bevilacqua, Michele and Petroni, Fabio and Liang, Percy},
  date = {2023-11-20},
  eprint = {2307.03172},
  eprinttype = {arxiv},
  eprintclass = {cs},
  doi = {10.48550/arXiv.2307.03172},
  urldate = {2024-02-29},
  pubstate = {preprint}
}

@online{Mialon2023,
  title = {{{GAIA}}: A Benchmark for General {{AI}} Assistants},
  author = {Mialon, Grégoire and Fourrier, Clémentine and Swift, Craig and Wolf, Thomas and LeCun, Yann and Scialom, Thomas},
  year = {2023-11-21, 2023},
  eprint = {2311.12983},
  eprinttype = {arxiv},
  eprintclass = {cs.CL},
  doi = {10.48550/ARXIV.2311.12983},
  copyright = {arXiv.org perpetual, non-exclusive license},
  pubstate = {preprint}
}

@inproceedings{Ouyang2022,
  title = {Training Language Models to Follow Instructions with Human Feedback},
  booktitle = {Advances in Neural Information Processing Systems},
  author = {Ouyang, Long and Wu, Jeffrey and Jiang, Xu and Almeida, Diogo and Wainwright, Carroll and Mishkin, Pamela and Zhang, Chong and Agarwal, Sandhini and Slama, Katarina and Ray, Alex and Schulman, John and Hilton, Jacob and Kelton, Fraser and Miller, Luke and Simens, Maddie and Askell, Amanda and Welinder, Peter and Christiano, Paul F and Leike, Jan and Lowe, Ryan},
  editor = {Koyejo, S. and Mohamed, S. and Agarwal, A. and Belgrave, D. and Cho, K. and Oh, A.},
  date = {2022},
  volume = {35},
  pages = {27730--27744},
  publisher = {Curran Associates, Inc.}
}

@inproceedings{Park2023,
  title = {Generative Agents: {{Interactive}} Simulacra of Human Behavior},
  booktitle = {Proceedings of the 36th Annual {{ACM}} Symposium on User Interface Software and Technology},
  author = {Park, Joon Sung and O’Brien, Joseph and Cai, Carrie Jun and Morris, Meredith Ringel and Liang, Percy and Bernstein, Michael S.},
  date = {2023-10},
  series = {{{UIST}} ’23},
  publisher = {ACM},
  doi = {10.1145/3586183.3606763},
  priority = {prio3},
  readstatus = {skimmed}
}

@report{Radford2018,
  title = {Improving {{Language Understanding}} by {{Generative Pre-Training}}},
  author = {Radford, Alec and Narasimhan, Karthik and Salimans, Tim and Sutskever, Ilya},
  date = {2018},
  institution = {OpenAI}
}

@inproceedings{Redzuan2023,
  title = {On Domain-Specific Topic Modelling Using the Case of a Humanities Journal},
  booktitle = {Proceedings of the Workshop on Humanities-Centred Artificial Intelligence ({{CHAI}} 2023)},
  author = {Redzuan, Nadja and Gehrke, Marcel and Möller, Ralf and Braun, Tanya},
  date = {2023-09},
  pages = {25--37},
  publisher = {CEUR Workshop Proceedings}
}

@misc{Schiff2020,
  title = {{{AI-based}} Companion Services for Humanities},
  author = {Schiff, Simon},
  date = {2020}
}

@inproceedings{Schiff2023,
  title = {Persistent Data, Sustainable Information},
  booktitle = {Proceedings of the Workshop on Humanities-Centred Artificial Intelligence ({{CHAI}} 2023)},
  author = {Schiff, Simon and Möller, Ralf},
  date = {2023-09},
  pages = {5--14},
  publisher = {CEUR Workshop Proceedings}
}

@inproceedings{Vaswani2017,
  title = {Attention Is All You Need},
  booktitle = {Advances in Neural Information Processing Systems},
  author = {Vaswani, Ashish and Shazeer, Noam and Parmar, Niki and Uszkoreit, Jakob and Jones, Llion and Gomez, Aidan N and Kaiser, Lukasz and Polosukhin, Illia},
  editor = {Guyon, I. and Luxburg, U. Von and Bengio, S. and Wallach, H. and Fergus, R. and Vishwanathan, S. and Garnett, R.},
  date = {2017},
  volume = {30},
  publisher = {Curran Associates, Inc.},
  qualityassured = {qualityAssured}
}

@online{Wang2023,
  title = {A Survey on Large Language Model Based Autonomous Agents},
  author = {Wang, Lei and Ma, Chen and Feng, Xueyang and Zhang, Zeyu and Yang, Hao and Zhang, Jingsen and Chen, Zhiyuan and Tang, Jiakai and Chen, Xu and Lin, Yankai and Zhao, Wayne Xin and Wei, Zhewei and Wen, Ji-Rong},
  date = {2023-08},
  eprint = {2308.11432},
  eprinttype = {arxiv},
  eprintclass = {cs.AI},
  doi = {10.48550/ARXIV.2308.11432},
  copyright = {Creative Commons Attribution 4.0 International},
  pubstate = {preprint}
}

@inproceedings{Wei2022,
  title = {Chain-of-Thought Prompting Elicits Reasoning in Large Language Models},
  booktitle = {Advances in Neural Information Processing Systems},
  author = {Wei, Jason and Wang, Xuezhi and Schuurmans, Dale and Bosma, Maarten and {ichter}, brian and Xia, Fei and Chi, Ed and Le, Quoc V and Zhou, Denny},
  editor = {Koyejo, S. and Mohamed, S. and Agarwal, A. and Belgrave, D. and Cho, K. and Oh, A.},
  date = {2022},
  volume = {35},
  pages = {24824--24837},
  publisher = {Curran Associates, Inc.},
  priority = {prio2},
  readstatus = {skimmed}
}

@online{Xi2023,
  title = {The {{Rise}} and {{Potential}} of {{Large Language Model Based Agents}}: {{A Survey}}},
  shorttitle = {The {{Rise}} and {{Potential}} of {{Large Language Model Based Agents}}},
  author = {Xi, Zhiheng and Chen, Wenxiang and Guo, Xin and He, Wei and Ding, Yiwen and Hong, Boyang and Zhang, Ming and Wang, Junzhe and Jin, Senjie and Zhou, Enyu and Zheng, Rui and Fan, Xiaoran and Wang, Xiao and Xiong, Limao and Zhou, Yuhao and Wang, Weiran and Jiang, Changhao and Zou, Yicheng and Liu, Xiangyang and Yin, Zhangyue and Dou, Shihan and Weng, Rongxiang and Cheng, Wensen and Zhang, Qi and Qin, Wenjuan and Zheng, Yongyan and Qiu, Xipeng and Huang, Xuanjing and Gui, Tao},
  date = {2023-09-19},
  eprint = {2309.07864},
  eprinttype = {arxiv},
  eprintclass = {cs},
  doi = {10.48550/arXiv.2309.07864},
  urldate = {2024-02-29},
  pubstate = {preprint}
}

@online{Yang2023,
  title = {Auto-{{GPT}} for Online Decision Making: {{Benchmarks}} and Additional Opinions},
  author = {Yang, Hui and Yue, Sifu and He, Yunzhong},
  date = {2023-06},
  eprint = {2306.02224},
  eprinttype = {arxiv},
  eprintclass = {cs.AI},
  doi = {10.48550/ARXIV.2306.02224},
  copyright = {Creative Commons Attribution 4.0 International},
  pubstate = {preprint},
  relevance = {relevant}
}

@software{zotero-111,
  title = {Agent {{Protocol}}},
  urldate = {2024-03-01},
  organization = {AIEF}
}

@software{zotero-117,
  title = {{{AutoGPT Forge Github}}},
  urldate = {2024-03-01}
}

@manual{zotero-119,
  title = {Forge {{SDK Manual}}},
  publisher = {AutoGPT},
  urldate = {2024-03-01}
}
